<record><leader>00000cas a22000007a 4500</leader><controlfield tag="001">16640162</controlfield><controlfield tag="008">870903d18891896ohuwr ne      0    0eng d</controlfield><datafield ind1=" " ind2=" " tag="010"><subfield code="a">sn 87075077 </subfield></datafield><datafield ind1=" " ind2=" " tag="040"><subfield code="a">ONP</subfield><subfield code="b">eng</subfield><subfield code="c">ONP</subfield><subfield code="d">OCLCQ</subfield></datafield><datafield ind1=" " ind2=" " tag="042"><subfield code="a">msc</subfield></datafield><datafield ind1="0" ind2="0" tag="245"><subfield code="a">Waverly courier.</subfield></datafield><datafield ind1="3" ind2="0" tag="246"><subfield code="a">Weekly courier</subfield></datafield><datafield ind1=" " ind2=" " tag="260"><subfield code="a">Waverly, Ohio :</subfield><subfield code="b">J.W. Johnson</subfield></datafield><datafield ind1=" " ind2=" " tag="310"><subfield code="a">Weekly</subfield></datafield><datafield ind1="1" ind2=" " tag="362"><subfield code="a">Began with Dec. 12, 1889 issue; ceased with Apr. 9, 1896 issue.</subfield></datafield><datafield ind1=" " ind2=" " tag="500"><subfield code="a">Published as: Weekly courier, Sept. 8, 1891-July 6, 1892.</subfield></datafield><datafield ind1=" " ind2=" " tag="588"><subfield code="a">Description based on: Vol. 1, no. 4 (Jan. 2, 1890).</subfield></datafield><datafield ind1=" " ind2=" " tag="752"><subfield code="a">United States</subfield><subfield code="b">Ohio</subfield><subfield code="c">Pike</subfield><subfield code="d">Waverly.</subfield></datafield><datafield ind1="0" ind2="7" tag="785"><subfield code="t">Waverly watchman (Waverly, Ohio : 1867)</subfield><subfield code="w">(DLC)sn 85026321</subfield></datafield><datafield ind1="0" ind2="7" tag="785"><subfield code="t">Courier-watchman (Waverly, Ohio)</subfield><subfield code="w">(DLC)sn 87075088</subfield></datafield></record>